<record xmlns="http://www.loc.gov/MARC21/slim" xmlns:xsi="http://www.w3.org/2001/XMLSchema-instance" xsi:schemaLocation="http://www.loc.gov/MARC21/slim http://www.loc.gov/standards/marcxml/schema/MARC21slim.xsd"><leader>01448nam a2200265   4500</leader><controlfield tag="001">002739439</controlfield><controlfield tag="003">NNU</controlfield><controlfield tag="006">m        d        </controlfield><controlfield tag="007">cr cn |||m|||a</controlfield><controlfield tag="008">140707s1939    ua      o     000 0 ara d</controlfield><datafield ind1=" " ind2=" " tag="040"><subfield code="a">NNU</subfield><subfield code="b">eng</subfield><subfield code="c">NNU</subfield></datafield><datafield ind1="0" ind2=" " tag="100"><subfield code="a">Suy&#363;&#7789;&#299;,</subfield><subfield code="d">1445-1505.</subfield></datafield><datafield ind1="1" ind2="0" tag="245"><subfield code="a">Shar&#7717; &#699;uq&#363;d al-jum&#257;n f&#299; &#699;ilm al-ma&#699;&#257;n&#299; wa-al-bay&#257;n</subfield><subfield code="h">[electronic resource] /</subfield><subfield code="b">ta&#700;l&#299;f Jal&#257;l al-D&#299;n &#699;Abd al-Ra&#7717;m&#257;n al-Suy&#363;&#7789;&#299;. Wa-bi-h&#257;mishihi &#7716;ilyat al-lubb al-ma&#7779;&#363;n &#699;al&#225; al-Jawhar al-makn&#363;n /</subfield><subfield code="c">li-A&#7717;mad al-Damanh&#363;r&#299;.</subfield></datafield><datafield ind1=" " ind2=" " tag="260"><subfield code="a">Mi&#7779;r :</subfield><subfield code="b">Ma&#7787;ba&#699;at Mu&#7779;&#7789;af&#225; al-B&#257;b&#299; al-&#7716;alab&#299; wa-awladih,</subfield><subfield code="c">1939.</subfield></datafield><datafield ind1=" " ind2=" " tag="300"><subfield code="a">online resource (180 p.)</subfield></datafield><datafield ind1=" " ind2=" " tag="500"><subfield code="a">Part of the Arabic Collections Online (ACO) project, contributed by New York Univeristy Libraries.</subfield></datafield><datafield ind1=" " ind2=" " tag="533"><subfield code="a">Electronic reproduction.</subfield><subfield code="b">New York, N.Y. :</subfield><subfield code="c">New York University,</subfield><subfield code="d">2014.</subfield><subfield code="5">NNU</subfield></datafield><datafield ind1="1" ind2="0" tag="600"><subfield code="a">Akh&#7693;ar&#299;, &#699;Abd al-Ra&#7717;m&#257;n ibn Mu&#7717;ammad,</subfield><subfield code="d">1512 or 13-1575 or 6.</subfield><subfield code="t">Jawhar al-makn&#363;n.</subfield></datafield><datafield ind1=" " ind2="0" tag="650"><subfield code="a">Rhetoric, Medieval</subfield><subfield code="v">Early works to 1800.</subfield></datafield><datafield ind1="1" ind2="2" tag="700"><subfield code="a">Damanh&#363;r&#299;, A&#7717;mad ibn &#699;Abd al-Mun&#699;im</subfield><subfield code="t">Hilyat al-lubb al-ma&#7779;&#363;n.</subfield><subfield code="f">1939.</subfield></datafield><datafield ind1="2" ind2=" " tag="710"><subfield code="a">New York University.</subfield><subfield code="b">Libraries.</subfield></datafield><datafield ind1="0" ind2=" " tag="730"><subfield code="a">Arabic Collections Online.</subfield></datafield><datafield ind1="0" ind2="8" tag="776"><subfield code="i">Print version:</subfield><subfield code="a">Suy&#363;&#7789;&#299;, 1445-1505.</subfield><subfield code="t">Shar&#7717; &#699;uq&#363;d al-jum&#257;n f&#299; &#699;ilm al-ma&#699;&#257;n&#299; wa-al-bay&#257;n</subfield><subfield code="w">(NNU)002739439</subfield></datafield><datafield ind1="4" ind2="0" tag="856"><subfield code="u">http://hdl.handle.net/2333.1/ns1rnbjk</subfield></datafield><datafield ind1=" " ind2=" " tag="959"><subfield code="a">NNU</subfield><subfield code="b">WEB</subfield><subfield code="c">GENI</subfield><subfield code="t">0</subfield><subfield code="m">Electronic access</subfield><subfield code="s">01</subfield></datafield></record>